<?xml version="1.0" encoding="UTF-8"?><collection xmlns="http://www.loc.gov/MARC21/slim"><record><leader>00406nam--2200133-i-4500</leader><controlfield tag="001">000013369</controlfield><controlfield tag="002">20161230</controlfield><controlfield tag="005">20161230201030</controlfield><controlfield tag="008">060222s1000------------r-----000-0-eng-d</controlfield><datafield ind1=" " ind2=" " tag="080"><subfield code="a">541.64</subfield></datafield><datafield ind1=" " ind2=" " tag="100"><subfield code="a">Cornelia Vasile, Elena-maria Calugaru, A.Stole Riu, Mihaela Sabliovschi, Elena Mihai</subfield></datafield><datafield ind1=" " ind2=" " tag="245"><subfield code="a">Comportarea termica a polimerilor</subfield></datafield><datafield ind1=" " ind2=" " tag="260"><subfield code="a">Bucuresti, Editura Academiei Rsr, 1980 334 P</subfield></datafield><datafield ind1=" " ind2=" " tag="852"><subfield code="a">48607</subfield></datafield></record></collection>